\begin{document} I definitely just have links for things right now. Each 
dataset I have is talked about in the Data section
\end{document}

